@article{Abeysekera:2015,
    author  = {Lakmal Abeysekera and Phillip Dawson},
    title   = {Motivation and cognitive load in the flipped classroom: definition, rationale and a call for
research},
    journal = {Higher Education Research \& Development},
    year    = "2015",
    volume  = "34"
}

@article{DeLozier:2016,
	author = {S. J. DeLozier and M. G. Rhodes},
	title = {Flipped Classrooms: a Review of Key Ideas and Recommendations for Practice},
	journal = {Educ Psychol Rev},
	year = "2016",
	volume = "29"
}



@article{Nouri:2016,
	author = {Jalal Nouri},
	title = {The flipped classroom: for active, effective and increased learning - especially for low achievers},
	journal = {International Journal of Educational Technology in Higher Education},
	year = "2016",
	volume = "13",
	number = "33"
}

@article{Blair:2016,
	author = {Erik Blair and Chris Maharaj and Simone Primus},
	title = {Performance and perception in the flipped classroom},
	journal = {Education and Information Technologies},
	year = "2016",
	volume = "21",
	number = "1465–1482"
}

@article{Boevé:2016,
	author = {A. J. Boevé and R. R. Meijer and R. J. Bosker},
	title = {Implementing the flipped classroom: an exploration of study behaviour and student performance},
	journal = {Higher Education},
	year = "2017",
	volume = "74",
	number = "1015–1032"
}

@article{Kurtz:2014,
      author = {Gila Kurtz and Alexandr Tsimerman and Orna Steiner-Lavi},
      title = {The Flipped-Classroom Approach: The Answer to Future Learning?},
      journal = {European Journal of Open, Distance and E-Learning},
      year = "2014",
      volume = "17",
      number = "2",
      pages = "172 - 182"
}

@article{Gündüz:2019,
	author = {Abdullah Yasin Gündüz and Buket Akkoyunlu},
	title = {Student views on the use of flipped learning in higher education: A pilot study},
	journal = {Education and Information Technologies},
	year = "2019",
	volume = "74",
	number = "1-11"
}

@article{Thai:2017,
title = {The impact of a flipped classroom design on learning performance in higher education: Looking for the best blend of lectures and guiding questions with feedback},
journal = {Computers \& Education},
volume = "107",
pages = "113 - 126",
year = "2017",
author = {Ngoc Thuy Thi Thai and Bram De Wever and Martin Valcke}
}

